<record><leader>00000cas a2200000 a 4500</leader><controlfield tag="001">41978006</controlfield><controlfield tag="008">990729d19uu19uucauwr ne      0    0eng c</controlfield><datafield ind1=" " ind2=" " tag="010"><subfield code="a">sn 99060946 </subfield></datafield><datafield ind1=" " ind2=" " tag="040"><subfield code="a">CNK</subfield><subfield code="b">eng</subfield><subfield code="c">CNK</subfield><subfield code="d">OCLCQ</subfield><subfield code="d">OCLCF</subfield><subfield code="d">OCLCO</subfield></datafield><datafield ind1=" " ind2=" " tag="042"><subfield code="a">pcc</subfield></datafield><datafield ind1=" " ind2=" " tag="043"><subfield code="a">n-us-ca</subfield></datafield><datafield ind1="0" ind2="0" tag="245"><subfield code="a">Bell Maywood industrial post.</subfield></datafield><datafield ind1="3" ind2=" " tag="246"><subfield code="a">Industrial post</subfield></datafield><datafield ind1=" " ind2=" " tag="260"><subfield code="a">Bell, Calif. :</subfield><subfield code="b">[s.n.]</subfield></datafield><datafield ind1=" " ind2=" " tag="300"><subfield code="a">v.</subfield></datafield><datafield ind1=" " ind2=" " tag="310"><subfield code="a">Weekly</subfield></datafield><datafield ind1=" " ind2=" " tag="500"><subfield code="a">"Bell Maywood" appears in small print above "Industrial Post."</subfield></datafield><datafield ind1=" " ind2=" " tag="500"><subfield code="a">"Southeast Star, Southeast Herald &amp; Maywood Herald" appears in small print beneath the masthead title.</subfield></datafield><datafield ind1=" " ind2=" " tag="588"><subfield code="a">Description based on: Vol. 25, no. 87 (Nov. 2, 1950).</subfield></datafield><datafield ind1=" " ind2="0" tag="651"><subfield code="a">Bell (Calif.)</subfield><subfield code="v">Newspapers.</subfield></datafield><datafield ind1=" " ind2="0" tag="651"><subfield code="a">Maywood (Calif.)</subfield><subfield code="v">Newspapers.</subfield></datafield><datafield ind1=" " ind2="7" tag="655"><subfield code="a">Newspapers.</subfield><subfield code="2">fast</subfield><subfield code="0">(OCoLC)fst01423814</subfield></datafield><datafield ind1=" " ind2="7" tag="651"><subfield code="a">California</subfield><subfield code="z">Bell.</subfield><subfield code="2">fast</subfield><subfield code="0">(OCoLC)fst01226649</subfield></datafield><datafield ind1=" " ind2="7" tag="651"><subfield code="a">California</subfield><subfield code="z">Maywood.</subfield><subfield code="2">fast</subfield><subfield code="0">(OCoLC)fst01226563</subfield></datafield><datafield ind1=" " ind2=" " tag="752"><subfield code="a">United States</subfield><subfield code="b">California</subfield><subfield code="c">Los Angeles</subfield><subfield code="d">Bell.</subfield></datafield></record>